% Encoding: UTF-8

@Electronic{,
  url = {https://es.wikipedia.org/wiki/Amplificador_operacional 
https://www.electronicafacil.net/tutoriales/AMPLIFICADOR-INVERSOR.html
http://www.electronicasi.com/ensenanzas/electronica-avanzada/electronica-universitaria/electronica-analogica/amplificador-no-inversor/
http://hyperphysics.phy-astr.gsu.edu/hbasees/Electronic/opampvar6.html
https://unicrom.com/amplificador-sumador-con-amplificadores-operacionales.},
}

@Comment{jabref-meta: databaseType:bibtex;}
