% Encoding: UTF-8

@Article{,
  author  = {Albert Malvino},
  title   = {Principios de electrónica.},
  journal = {Editorial Mc Graw Hill},
  volume  = {6ta Edición},
  pages   = {295},
}

@Comment{jabref-meta: databaseType:bibtex;}
