% Encoding: UTF-8

@Electronic{,
  author       = {Desconocido},
  title        = {Amplificadores Clase B},
  language     = {Espa√±ol},
  howpublished = {Articulo},
  url          = {www.metecnologico.com},
}

@Comment{jabref-meta: databaseType:bibtex;}
