% Encoding: UTF-8

@Article{,
  author = {THE DECCA DIGITAL. MANCINI, GINO. JUAN MANZANO ULMEHER. RONALD J. TOCCI, NEAL S. WID,ER, GREGPRY L. MOSS.},
  title  = {Electrónica de potencia. Modulación por impulsos codificados. Digital singnaling techniques. Sistemas digitales: comienzos y aplicaciones.},
  year   = {2006-2009},
}

@Comment{jabref-meta: databaseType:bibtex;}
