% Encoding: UTF-8

@Article{,
  author  = {THE DECCA DIGITAL. MANCINI, GINO. HODGES, DAVID A. (1999). HOROWITZ, PAUL; WINFIELD HILL (1989).},
  title   = {Electrónica de potencia. Modulación por impulsos codificados. Darlintong's - Contributions To Transistor Circuit Desing. The Art of electronics.},
  journal = {Multiplexación. Mastering System (2007). IEEE Transactions on Circuits and Systems-I: Fundamental Theory and Applications. Cambridge University Press. ISBN 0-521-37095-7.},
  year    = {(1989). (1999).},
}

@Comment{jabref-meta: databaseType:bibtex;}
