% Encoding: UTF-8

@Electronic{Desconocido2015,
  author       = {Desconocido},
  year         = {2015},
  title        = {Convertidores CA-CD y CA-CA},
  language     = {Espa√±ol},
  howpublished = {Articulo},
  url          = {https://www.areatecnologia.com/electronica/tiristor.html
https://www.monografias.com/trabajos105/convertidores-ca-cc-y-ca-ca-tiristores/convertidores-ca-cc-y-ca-ca-tiristores.shtml?fbclid=IwAR3QDEmykUhgtxBc-hwdGgGqBIZUenI6WL42IQz9DXZho978FnHeNXTT0oE
https://prezi.com/dh380hlerc_l/convertidores-ca-cd/?fbclid=IwAR0Gfiz_T0OoXSgGnGF95TXffk8MrBAAWTbQ6ZueAlAjTIsF15C_YD1vpDQ
http://ccpot.galeon.com/enlaces1737112.html},
}

@Comment{jabref-meta: databaseType:bibtex;}
